@misc{LEC17,
author    = {Pavone, Marco},
title     = {AA 274 Principles of Robotic Autonomy Decision making and dynamic programming},
howpublished = {Online},
year     = {2019},
month    = {March},
note     = {Presentation},
}
